<record><leader>00000cas a22000007a 4500</leader><controlfield tag="001">12442279</controlfield><controlfield tag="008">850830d18801884utuwr ne      0    0eng d</controlfield><datafield ind1=" " ind2=" " tag="010"><subfield code="a">sn 85058232 </subfield></datafield><datafield ind1=" " ind2=" " tag="040"><subfield code="a">UNP</subfield><subfield code="b">eng</subfield><subfield code="c">UNP</subfield><subfield code="d">NJW</subfield><subfield code="d">CNK</subfield><subfield code="d">OCLCQ</subfield></datafield><datafield ind1=" " ind2=" " tag="042"><subfield code="a">msc</subfield></datafield><datafield ind1=" " ind2=" " tag="043"><subfield code="a">n-us-ut</subfield></datafield><datafield ind1="0" ind2="4" tag="245"><subfield code="a">The Park mining record.</subfield></datafield><datafield ind1=" " ind2=" " tag="260"><subfield code="a">Park City, Utah :</subfield><subfield code="b">J.R. Schupbach,</subfield><subfield code="c">-1884.</subfield></datafield><datafield ind1=" " ind2=" " tag="300"><subfield code="a">4 v.</subfield></datafield><datafield ind1=" " ind2=" " tag="310"><subfield code="a">Weekly</subfield></datafield><datafield ind1="1" ind2=" " tag="362"><subfield code="a">Began with Feb. 8, 1880 issue.</subfield><subfield code="z">Cf. Alter, J.C. Early Utah journalism.</subfield></datafield><datafield ind1="0" ind2=" " tag="362"><subfield code="a">-v. 6, no. 42 (Nov. 22, 1884).</subfield></datafield><datafield ind1=" " ind2=" " tag="515"><subfield code="a">Vol. 4 misnumbered as v. 6.</subfield></datafield><datafield ind1=" " ind2=" " tag="525"><subfield code="a">Supplement issued July 22, 1882.</subfield></datafield><datafield ind1=" " ind2=" " tag="588"><subfield code="a">Description based on: Vol. 1, no. 18 (June 5, 1880).</subfield></datafield><datafield ind1=" " ind2=" " tag="752"><subfield code="a">United States</subfield><subfield code="b">Utah</subfield><subfield code="c">Summit</subfield><subfield code="d">Park City.</subfield></datafield><datafield ind1="0" ind2="0" tag="785"><subfield code="t">Park record (Park City, Utah : 1884)</subfield><subfield code="w">(DLC)sn 85058233</subfield><subfield code="w">(OCoLC)12442320</subfield></datafield></record>